@ARTICLE{Dinh2016-ls,
title = "Consistency and convergence rate of phylogenetic inference via regularization",
author = "Dinh, Vu and Ho, Lam Si Tung and Suchard, Marc A and Matsen, IV, Frederick A",
month =  "9~" # jun,
year =  2016,
url = "http://arxiv.org/abs/1606.03059",
archivePrefix = "arXiv",
eprint = "1606.03059",
primaryClass = "q-bio.PE",
arxivid = "1606.03059"
}


@ARTICLE{Lewis2005-ez,
title = "Polytomies and {B}ayesian phylogenetic inference",
author = "Lewis, Paul O and Holder, Mark T and Holsinger, Kent E",
affiliation = "Department of Ecology and Evolutionary Biology, University of Connecticut, 75 N. Eagleville Road, Unit 3043 (P.O.L.), Storrs, CN 06269-3043, USA. paul.lewis@uconn.edu",
journal = "Syst. Biol.",
publisher = "sysbio.oxfordjournals.org",
volume =  54,
number =  2,
pages = "241--253",
month =  apr,
year =  2005,
url = "http://dx.doi.org/10.1080/10635150590924208",
issn = "1063-5157",
pmid = "16012095",
doi = "10.1080/10635150590924208"
}


@ARTICLE{Aberer2016-dr,
title = "An Efficient Independence Sampler for Updating Branches in {Bayesian Markov chain Monte Carlo} Sampling of Phylogenetic Trees",
author = "Aberer, Andre J and Stamatakis, Alexandros and Ronquist, Fredrik",
journal = "Syst. Biol.",
volume =  65,
number =  1,
pages = "161--176",
month =  jan,
year =  2016,
url = "http://dx.doi.org/10.1093/sysbio/syv051",
keywords = "Bayesian inference; Markov chain Monte Carlo; Newton-Raphson optimization; independence sampling; phylogenetics; proposal efficiency; tree topology proposals",
issn = "1063-5157, 1076-836X",
pmid = "26231183",
doi = "10.1093/sysbio/syv051",
pmc = "PMC4678251"
}


@ARTICLE{Dinh2015-io,
title = "The shape of the one-dimensional phylogenetic likelihood function",
author = "Dinh, Vu and Matsen, IV, Frederick A",
month =  "13~" # jul,
year =  2015,
note = "\url{http://arxiv.org/abs/1507.03647}",
archivePrefix = "arXiv",
eprint = "1507.03647",
primaryClass = "q-bio.PE",
arxivid = "1507.03647"
}


@ARTICLE{Neher2013-am,
title = "Genetic Draft, Selective Interference, and Population Genetics of Rapid Adaptation",
author = "Neher, Richard A",
journal = "Annu. Rev. Ecol. Evol. Syst.",
volume =  44,
number =  1,
pages = "195--215",
year =  2013,
url = "http://dx.doi.org/10.1146/annurev-ecolsys-110512-135920",
eprint = "http://dx.doi.org/10.1146/annurev-ecolsys-110512-135920",
issn = "1543-592X",
doi = "10.1146/annurev-ecolsys-110512-135920"
}

