@BOOK{Semple2003-em,
title = "Phylogenetics",
author = "Semple, C and Steel, M",
publisher = "Oxford University Press",
year =  2003,
address = "New York, NY"
}

